@misc{arrondo2020nullstellensatz,
      title={The Nullstellensatz without the Axiom of Choice}, 
      author={Enrique Arrondo},
      year={2020},
      eprint={2009.02837},
      archivePrefix={arXiv},
      primaryClass={math.AC}
}

@misc{kousholt2016reconstruction,
    title={Reconstruction of convex bodies from moments},
    author={Astrid Kousholt and Julia Schulte},
    year={2016},
    eprint={1605.06362},
    archivePrefix={arXiv},
    primaryClass={math.MG}
}

@misc{schwede2008finjective,
    title={F-injective singularities are Du Bois},
    author={Karl Schwede},
    year={2008},
    eprint={0806.3298},
    archivePrefix={arXiv},
    primaryClass={math.AG}
}

@article{smith1997f,
  title={F-rational rings have rational singularities},
  author={Smith, Karen E},
  journal={American Journal of Mathematics},
  volume={119},
  number={1},
  pages={159--180},
  year={1997},
  publisher={Johns Hopkins University Press}
}

@misc{cheong2020plya,
    title={Pólya enumeration theorems in algebraic geometry},
    author={Gilyoung Cheong},
    year={2020},
    eprint={2003.04825},
    archivePrefix={arXiv},
    primaryClass={math.AG}
}

@misc{master2020homology,
    title={Why is Homology so Powerful?},
    author={Jade Master},
    year={2020},
    eprint={2001.00314},
    archivePrefix={arXiv},
    primaryClass={math.AT}
}

@article{Gonzalez_Vega_1998,
   title={Virtual roots of real polynomials},
   volume={124},
   ISSN={0022-4049},
   url={http://dx.doi.org/10.1016/S0022-4049(96)00102-8},
   DOI={10.1016/s0022-4049(96)00102-8},
   number={1-3},
   journal={Journal of Pure and Applied Algebra},
   publisher={Elsevier BV},
   author={Gonzalez-Vega, Laureano and Lombardi, Henri and Mahé, Louis},
   year={1998},
   month={Feb},
   pages={147–166}
}

@misc{hakopian2019intersection,
    title={On the intersection points of two plane algebraic curves},
    author={Hakop Hakopian and Davit Voskanyan},
    year={2019},
    eprint={1901.04000},
    archivePrefix={arXiv},
    primaryClass={math.AG}
}